@article{Dijkstra,
    author = {Dijkstra, Edsger W.},
    title = {Self-Stabilizing Systems in Spite of Distributed Control},
    year = {1974},
    issue_date = {Nov. 1974},
    OPTpublisher = {Association for Computing Machinery},
    OPTaddress = {New York, NY, USA},
    OPTvolume = {17},
    OPTnumber = {11},
    issn = {0001-0782},
    OPTurl = {https://doi.org/10.1145/361179.361202},
    OPTdoi = {10.1145/361179.361202},
    journal = {Commun. ACM},
    OPTmonth = nov,
    OPTpages = {643â€“644},
    OPTnumpages = {2},
    keywords = {self-repair, error recovery, harmonious cooperation, networks, distributed control, synchronization, multiprocessing, robustness, self-stabilization, mutual exclusion, sharing},
}

@book{zebook,
    title = {{Introduction to Distributed Self-Stabilizing Algorithms}},
    author = {Altisen, Karine and Devismes, St\'ephane and Dubois, Swan and Petit, Franck},
    year = {2019},
     opteprint = {\url{https://doi.org/10.2200/S00908ED1V01Y201903DCT015}},
    pages = {1-165},
    OPTaddress={London},
    optpublisher = {Morgan \& Claypool Publishers},
    series = {Synthesis Lectures on Distributed Computing Theory},
    volume = {8}
}

@Misc{vttSasa,
  title = {{V}erimag {T}ools {T}utorials: {T}utorials related to \textsc{sasa}},
  author = {Erwan Jahier},
  howpublished = {\url{https://www-verimag.imag.fr/vtt/tags/sasa/}}
}
@article{graphvizDOT,
 author = {Gansner, Emden R. and North, Stephen C.},
 title = {An Open Graph Visualization System and Its Applications to Software Engineering},
 journal = {Softw. Pract. Exper.},
 OPTissue_date = {Sept. 2000},
 volume = {30},
 number = {11},
 optOPTmonth = sep,
 year = {2000},
 OPTissn = {0038-0644},
 pages = {1203--1233},
 numpages = {31},
 OPTurl = {http://dx.doi.org/10.1002/1097-024X(200009)30:11<1203::AID-SPE338>3.3.CO;2-E},
 OPTdoi = {10.1002/1097-024X(200009)30:11<1203::AID-SPE338>3.3.CO;2-E},
 OPTacmid = {358697},
 OPTpublisher = {John Wiley \& Sons, Inc.},
 OPTOPTaddress = {New York, NY, USA},
 OPTkeywords = {graph visualization, open systems, software engineering},
}
@Misc{reactive-toolbox,
  title = {The Synchrone Reactive Toolbox},
  author = {Erwan Jahier and Pascal Raymond},
  howpublished = {\url{http://www-verimag.imag.fr/DIST-TOOLS/SYNCHRONE/reactive-toolbox}}
}

@manual{lv6,
    title = {The Lustre V6 Reference Manual},
    author = {Jahier, Erwan AND Raymond, Pascal AND Halbwachs, Nicolas},
    year = {2020},
    opturl = {https://www-verimag.imag.fr/DIST-TOOLS/SYNCHRONE/lustre-v6/doc/lv6-ref-man.pdf},
}

@ARTICLE{Lustre,
author={N. {Halbwachs} and P. {Caspi} and P. {Raymond} and D. {Pilaud}},
journal={Proceedings of the IEEE},
title={The synchronous data flow programming language {Lustre}},
year={1991},
volume={79},
number={9},
pages={1305-1320}}



@inproceedings{Kind2,
    author="Champion, Adrien and Mebsout, Alain and Sticksel, Christoph and Tinelli, Cesare",
    OPTeditor="Chaudhuri, Swarat and Farzan, Azadeh",
    title="The Kind 2 Model Checker",
    booktitle="CAV",
    year="2016",
    OPTpublisher="Springer International Publishing",
    OPTaddress="Cham",
    OPTpages="510--517",
    OPTisbn="978-3-319-41540-6",
}
